@ONLINE{Doe:2009:Online,
author = "Springer Link",
title = "Multiplexed paper test strip for quantitative bacterial detection",
month = "juin",
year = "2012",
howpublished = "\url{http://link.springer.com/article/10.1007%2Fs00216-012-5975-x}"} 
}

@ONLINE{wiki:Online,
author = "Wikipedia",
title = "Multiple sequence alignment",
month = "mai",
year = "2016",
howpublished = "\url{https://en.wikipedia.org/wiki/Multiple_sequence_alignment}"} 
}

@ONLINE{yoann:Online,
author = "Yoann M.",
title = "Alignements multiples : quels logiciels choisir ?",
month = "mai",
year = "2012",
howpublished = "\url{http://bioinfo-fr.net/alignements-multiples-quels-logiciels-choisir}"} 
}

